

@article{legault,
  title={Accounting for environmental change in continuous-time stochastic population models.},
  author={Legault, G. and Melbourne, B.A.},
  journal={Theor. Ecol.},
  volume={12},
  pages={31--48},
  year={2019},
  doi={https://doi.org/10.1007/s12080-018-0386-z}
}
@article{nora,
  title={The estrous cycle modulates hippocampal spine dynamics, dendritic processing, and spatial coding.},
  author={Wolcott, N.S. and Redman, W.T. and Karpinska M. and E.G. Jacobs and M.J. Goard},
  journal={Neuron},
  volume={12},
  pages={31--48},
  year={2019},
  doi={https://doi.org/10.1016/j.neuron.2025.04.014}
}
@article{estrousnet,
  title={Automated classification of estrous stage in rodents using deep learning.},
  author={Wolcott, N.S. and Sit, K.K. and Raimondi, G. and Hodges, T. and Shansky, R.M. and Galea, L.A.M. and Ostroff, L.E. and Goard, M.J.},
  journal={Sci. Rep.},
  volume={12},
  pages={17685},
  year={2022},
  doi={https://doi.org/10.1038/s41598-022-22392-w}
}
@article{e2_levels,
  title={Sex differences in anxiety and emotional behavior.},
  author={Donner, N.C. and Lowry, C.A.},
  journal={Pflugers Arch - Eur. J. Physiol.},
  volume={465},
  pages={601–626},
  year={2013},
  doi={https://doi.org/10.1007/s00424-013-1271-7}
}
@article{woolley,
  title={Naturally occurring fluctuation in dendritic spine density on adult hippocampal pyramidal neurons.},
  author={Woolley, C.S. and Gould, E. and Grankfurt, M. and McEwen, B.S.},
  journal={J. Neurosci.},
  volume={10},
  issue={12},
  pages={4035--4039},
  year={1990},
  doi={https://doi.org/10.1523/JNEUROSCI.10-12-04035.1990}
}
@article{gillespie,
  title={Exact stochastic simulation of coupled chemical reactions.},
  author={Gillespie, D.T.},
  journal={J. Phys. Chem.},
  volume={81},
  issue={25},
  pages={2340–-2361},
  year={1977},
  doi={https://doi.org/10.1523/JNEUROSCI.10-12-04035.1990}
}
@article{spines,
  title={Structure and function of dendritic spines.},
  author={Nimchinsky, E.A. and Sabatini B.L. and Svoboda, K.},
  journal={Ann. Rev. Phys.},
  volume={64},
  pages={313-353},
  year={2002},
  doi={https://doi.org/10.1146/annurev.physiol.64.081501.160008}
}
@article{silent,
  title={Filopodia are a structural substrate for silent synapses in adult neocortex.},
  author={Vardalaki, D. and Chung, K. and Harnett, M.T.},
  journal={Nat.},
  volume={612},
  pages={323–327},
  year={2022},
  doi={https://doi.org/10.1038/s41586-022-05483-6}
}
@article{hippocampus,
  title={The hippocampus and memory: insights from spatial processing.},
  author={Bird, C. and Burgess, N.},
  journal={Nat. Rev. Neurosci.},
  volume={9},
  pages={182–194},
  year={2008},
  doi={https://doi.org/10.1038/nrn2335}
}
